@misc{ SegNet,
       author = "Vijay Badrinarayanan et al",
       title = "SegNet: A Deep Convolutional Encoder-Decoder Architecture for Image  Segmentation",
       year = "2016" }
       
@misc{ Denton,
       author = "Denton et al",
       title = "Multi-scalar Analysis of Geospatial Agricultural Data for Sustainability",
       year = "2016" }
       
       
@online{NAIP,
       title = "NAIP Imagery",
       howpublished = {\url{https://www.fsa.usda.gov/programs-and-services/aerial-photography/imagery-programs/naip-imagery/}},
       year = "2017" }
       
@online{NDVI,
       title = "Measuring Vegetation (NDVI and EVI)",
       howpublished = {\url{https://earthobservatory.nasa.gov/Features/MeasuringVegetation/measuring_vegetation_2.php}},
       year = "2014" }
       

